@misc{PMTDataSheet,
    title = {Hamamatsu H10721-210 Datasheet},
    howpublished = {\url{https://www.hamamatsu.com/resources/pdf/etd/H10720_H10721_TPMO1062E.pdf}},
    note = {Accessed: 2018-11-09}
}

@misc{PowermeterDataSheet,
    title = {Thorlabs PM100USB Datasheet},
    howpublished = {\url{https://www.thorlabs.com/newgrouppage9.cfm?objectgroup_id=4037}},
    note = {Accessed: 2018-11-09}
}
